@incollection{
year={2009},
isbn={978-3-642-02829-8},
booktitle={Ubiquitous Intelligence and Computing},
volume={5585},
series={Lecture Notes in Computer Science},
editor={Zhang, Daqing and Portmann, Marius and Tan, Ah-Hwee and Indulska, Jadwiga},
doi={10.1007/978-3-642-02830-4_4},
title={Gesture Recognition with a 3-D Accelerometer},
url={http://dx.doi.org/10.1007/978-3-642-02830-4_4},
publisher={Springer Berlin Heidelberg},
author={Wu, Jiahui and Pan, Gang and Zhang, Daqing and Qi, Guande and Li, Shijian},
pages={25-38}
}
